@article{moghimi2013review,
	title={A review of EEG-based brain-computer interfaces as access pathways for individuals with severe disabilities},
	author={Moghimi, Saba and Kushki, Azadeh and Marie Guerguerian, Anne and Chau, Tom},
	journal={Assistive Technology},
	volume={25},
	number={2},
	pages={99--110},
	year={2013},
	publisher={Taylor \& Francis}
}

@article{farwell1988talking,
	title={Talking off the top of your head: toward a mental prosthesis utilizing event-related brain potentials},
	author={Farwell, Lawrence Ashley and Donchin, Emanuel},
	journal={Electroencephalography and clinical Neurophysiology},
	volume={70},
	number={6},
	pages={510--523},
	year={1988},
	publisher={Elsevier}
}

@article{brunner2011rapid,
	title={Rapid communication with a “P300” matrix speller using electrocorticographic signals (ECoG)},
	author={Brunner, Peter and Ritaccio, Anthony L and Emrich, Joseph F and Bischof, Horst and Schalk, Gerwin},
	journal={Frontiers in neuroscience},
	volume={5},
	pages={5},
	year={2011},
	publisher={Frontiers Research Foundation}
}

@mastersthesis{elshout2009review,
	title={Review of brain-computer interfaces based on the P300 evoked potential},
	author={Elshout, JA},
	year={2009}
}

@inproceedings{fang2021recent,
	title={Recent advances of P300 speller paradigms and algorithms},
	author={Fang, Tao and Song, Zuoting and Niu, Lan and Le, Song and Zhang, Yuan and Zhang, Xueze and Zhan, Gege and Wang, Shouyan and Li, Hui and Lin, Yifang and others},
	booktitle={2021 9th International Winter Conference on Brain-Computer Interface (BCI)},
	pages={1--6},
	year={2021},
	organization={IEEE}
}

@article{mainsah2014utilizing,
	title={Utilizing a language model to improve online dynamic data collection in P300 spellers},
	author={Mainsah, Boyla O and Colwell, Kenneth A and Collins, Leslie M and Throckmorton, Chandra S},
	journal={IEEE Transactions on Neural Systems and Rehabilitation Engineering},
	volume={22},
	number={4},
	pages={837--846},
	year={2014},
	publisher={IEEE}
}

@article{lawhern2018eegnet,
	title={EEGNet: a compact convolutional neural network for EEG-based brain--computer interfaces},
	author={Lawhern, Vernon J and Solon, Amelia J and Waytowich, Nicholas R and Gordon, Stephen M and Hung, Chou P and Lance, Brent J},
	journal={Journal of neural engineering},
	volume={15},
	number={5},
	pages={056013},
	year={2018},
	publisher={iOP Publishing}
}

@article{lee2020cnn,
	title={CNN with large data achieves true zero-training in online P300 brain-computer interface},
	author={Lee, Jongmin and Won, Kyungho and Kwon, Moonyoung and Jun, Sung Chan and Ahn, Minkyu},
	journal={IEEE Access},
	volume={8},
	pages={74385--74400},
	year={2020},
	publisher={IEEE}
}

@article{krusienski2006comparison,
	title={A comparison of classification techniques for the P300 Speller},
	author={Krusienski, Dean J and Sellers, Eric W and Cabestaing, Fran{\c{c}}ois and Bayoudh, Sabri and McFarland, Dennis J and Vaughan, Theresa M and Wolpaw, Jonathan R},
	journal={Journal of neural engineering},
	volume={3},
	number={4},
	pages={299},
	year={2006},
	publisher={IOP Publishing}
}

@article{mainsah2016using,
	title={Using the detectability index to predict P300 speller performance},
	author={Mainsah, BO and Collins, LM and Throckmorton, CS},
	journal={Journal of Neural Engineering},
	volume={13},
	number={6},
	pages={066007},
	year={2016},
	publisher={IOP Publishing}
}